@BOOK{Rothe2012,
	AUTHOR = {Rothe, Heinz J},
	YEAR = {2012},
	TITLE = {Lattice Gauge Theories - An Introduction},
	EDITION = {},
	ISBN = {978-9-813-10062-6},
	PUBLISHER = {World Scientific Publishing Co Inc},
	ADDRESS = {New Jersey, London, Singapore },
}

@article{distillation_paper, 
title={Novel quark-field creation operator construction for hadronic physics in lattice QCD}, 
volume={80}, 
DOI={10.1103/physrevd.80.054506}, 
number={5}, journal={Physical Review D}, 
author={Peardon, Michael and Bulava, John and Foley, Justin and Morningstar, Colin and Dudek, Jozef and Edwards, Robert G. and Joó, Bálint and Lin, Huey-Wen and Richards, David G. and Juge, Keisuke Jimmy and et al.}, 
year={2009}}